@electronic{Madgwick,
  author = {x-io Technologies},
  title = {Open source IMU and AHRS algorithms - x-io Technologies},
  url = {https://x-io.co.uk/open-source-imu-and-ahrs-algorithms/}
}

@electronic{LSM9DS1_digilent_lib,
  author = {Digilent},
  title = {Vivado PModNav C Library},
  url = {https://github.com/Digilent/vivado-library/tree/master/ip/Pmods/PmodNAV_v1_0/drivers/PmodNAV_v1_0}
}

@electronic{gimbal_lock,
  author = {Open Source},
  title = {Gimbal Lock explained},
  url = {https://en.wikipedia.org/wiki/Gimbal_lock}
}

@electronic{pyqt5,
  author = {Qt Company},
  title = {PyQt5 documentation},
  url = {https://www.riverbankcomputing.com/static/Docs/PyQt5/}
}

@electronic{pyopengl,
  author = {OpenGL group},
  title = {PyOpenGL documentation},
  url = {https://mcfletch.github.io/pyopengl/index.html}
}

@electronic{plotly,
  author = {Plotly group},
  title = {Plotly official website},
  url = {https://plotly.com/}
}

%@BOOK{Pierre1901,
%  title = {De la memoire},
%  publisher = {Serigraph},
%  year = {1901},
%  author = {Bicon, Pierre},
%  address = {Paris},
%  owner = {masutti},
%  timestamp = {2006.06.21}
%}

%@ARTICLE{Histrion1925,
%  author = {Histrion, Pierre and Gaston, Jean-Marie},
%  title = {Les phrases du début à la fin},
%  journal = {Revue internationale de linguistique},
%  year = {1925},
%  volume = {50},
%  pages = {52-98},
%  owner = {masutti},
%  timestamp = {2006.06.21}
%}